@book{zie00,
  added-at = {2011-08-16T10:27:51.000+0200},
  address = {Oxford},
  author = {Zienkiewicz, O.C. and Taylor, R.L},
  biburl = {https://www.bibsonomy.org/bibtex/253caac9076ff28903e73e69faff259db/toevanen},
  edition = {5th},
  interhash = {2810fe201cab5cd9c94a0e5783d8297f},
  intrahash = {53caac9076ff28903e73e69faff259db},
  keywords = {FEM textbook},
  publisher = {Butterworth-Heinemann},
  timestamp = {2011-08-16T10:27:52.000+0200},
  title = {Finite Element Method: Volume 1 - The Basis},
  year = 2000
}

@book{newmark1959method,
  title={A Method of Computation for Structural Dynamics},
  author={Newmark, N.M.},
  number={№№ 179-181},
  series={A Method of Computation for Structural Dynamics},
  url={https://books.google.ru/books?id=MXSctgAACAAJ},
  year={1959},
  publisher={American Society of Civil Engineers}
}


